<record><leader>00000cas a22000007a 4500</leader><controlfield tag="001">14782960</controlfield><controlfield tag="008">861120d18991907paudn ne      0    0eng d</controlfield><datafield ind1=" " ind2=" " tag="010"><subfield code="a">sn 86083398 </subfield></datafield><datafield ind1=" " ind2=" " tag="040"><subfield code="a">NPH</subfield><subfield code="b">eng</subfield><subfield code="c">NPH</subfield><subfield code="d">CRL</subfield><subfield code="d">OCLCQ</subfield><subfield code="d">OCLCF</subfield></datafield><datafield ind1=" " ind2=" " tag="042"><subfield code="a">msc</subfield></datafield><datafield ind1=" " ind2=" " tag="043"><subfield code="a">n-us-pa</subfield></datafield><datafield ind1=" " ind2=" " tag="090"><subfield code="a">AN</subfield></datafield><datafield ind1="0" ind2=" " tag="130"><subfield code="a">News-messenger (Homestead, Pa. : Daily)</subfield></datafield><datafield ind1="1" ind2="4" tag="245"><subfield code="a">The news-messenger.</subfield></datafield><datafield ind1="1" ind2="7" tag="246"><subfield code="a">Homestead news-messenger</subfield></datafield><datafield ind1=" " ind2=" " tag="260"><subfield code="a">Homestead, Pa. :</subfield><subfield code="b">A.D. Slocum,</subfield><subfield code="c">1899-1907.</subfield></datafield><datafield ind1=" " ind2=" " tag="300"><subfield code="a">8 v. :</subfield><subfield code="b">ill.</subfield></datafield><datafield ind1=" " ind2=" " tag="310"><subfield code="a">Daily (except Sunday)</subfield></datafield><datafield ind1="0" ind2=" " tag="362"><subfield code="a">Vol. 22, no. 59 (Nov. 16, 1899)-v. 33, no. 74 (Aug. 26, 1907).</subfield></datafield><datafield ind1=" " ind2=" " tag="530"><subfield code="a">Also issued on microfilm from Micro Photo Div. of Bell &amp; Howell.</subfield></datafield><datafield ind1=" " ind2=" " tag="588"><subfield code="a">Description based on: Vol. 22, no. 74 (Dec. 6, 1899).</subfield></datafield><datafield ind1=" " ind2=" " tag="588"><subfield code="a">Latest issue consulted: Vol. 24, no. 109 (Mar. 3, 1902).</subfield></datafield><datafield ind1=" " ind2="0" tag="651"><subfield code="a">Homestead (Pa.)</subfield><subfield code="v">Newspapers.</subfield></datafield><datafield ind1=" " ind2="0" tag="651"><subfield code="a">Allegheny County (Pa.)</subfield><subfield code="v">Newspapers.</subfield></datafield><datafield ind1=" " ind2="7" tag="655"><subfield code="a">Newspapers.</subfield><subfield code="2">fast</subfield><subfield code="0">(OCoLC)fst01423814</subfield></datafield><datafield ind1=" " ind2="7" tag="651"><subfield code="a">Pennsylvania</subfield><subfield code="z">Allegheny County.</subfield><subfield code="2">fast</subfield><subfield code="0">(OCoLC)fst01209250</subfield></datafield><datafield ind1=" " ind2="7" tag="651"><subfield code="a">Pennsylvania</subfield><subfield code="z">Homestead.</subfield><subfield code="2">fast</subfield><subfield code="0">(OCoLC)fst01224027</subfield></datafield><datafield ind1=" " ind2=" " tag="752"><subfield code="a">United States</subfield><subfield code="b">Pennsylvania</subfield><subfield code="c">Allegheny</subfield><subfield code="d">Homestead.</subfield></datafield><datafield ind1="0" ind2="0" tag="780"><subfield code="t">Homestead news-messenger</subfield><subfield code="w">(DLC)sn 85055224</subfield><subfield code="w">(OCoLC)12791041</subfield></datafield><datafield ind1="0" ind2="0" tag="785"><subfield code="t">Daily messenger (Homestead, Pa. : 1907)</subfield><subfield code="w">(DLC)sn 86083396</subfield><subfield code="w">(OCoLC)14782754</subfield></datafield></record>